@ARTICLE{WEIGERT2017,
    author = {{Weigert}, M. and {Royer}, L. and {Jug}, F. and {Myers}, G.},
    title = "{Isotropic reconstruction of 3D fluorescence microscopy images using convolutional neural networks}",
    journal = {ArXiv e-prints},
    archivePrefix = "arXiv",
    eprint = {1704.01510},
    primaryClass = "cs.CV",
    keywords = {Computer Science - Computer Vision and Pattern Recognition},
    year = 2017,
    month = apr,
    adsurl = {http://adsabs.harvard.edu/abs/2017arXiv170401510W},
    adsnote = {Provided by the SAO/NASA Astrophysics Data System}
}
@ARTICLE{depth,
   author = {{Simonyan}, K. and {Zisserman}, A.},
    title = "{Very Deep Convolutional Networks for Large-Scale Image Recognition}",
  journal = {ArXiv e-prints},
archivePrefix = "arXiv",
   eprint = {1409.1556},
 primaryClass = "cs.CV",
 keywords = {Computer Science - Computer Vision and Pattern Recognition},
     year = 2014,
    month = sep,
   adsurl = {http://adsabs.harvard.edu/abs/2014arXiv1409.1556S},
  adsnote = {Provided by the SAO/NASA Astrophysics Data System}
}
@article{unet,
    author    = {Olaf Ronneberger and
                 Philipp Fischer and
                 Thomas Brox},
    title     = {U-Net: Convolutional Networks for Biomedical Image Segmentation},
    journal   = {CoRR},
    volume    = {abs/1505.04597},
    year      = {2015},
    url       = {http://arxiv.org/abs/1505.04597},
    archivePrefix = {arXiv},
    eprint    = {1505.04597},
    timestamp = {Wed, 07 Jun 2017 14:40:33 +0200},
    biburl    = {http://dblp.org/rec/bib/journals/corr/RonnebergerFB15},
    bibsource = {dblp computer science bibliography, http://dblp.org}
}

@misc{tensorflow2015-whitepaper,
    title={ {TensorFlow}: Large-Scale Machine Learning on Heterogeneous Systems},
    url={https://www.tensorflow.org/},
    note={Software available from tensorflow.org},
    author={
            Mart\'{\i}n~Abadi and
            Ashish~Agarwal and
            Paul~Barham and
            Eugene~Brevdo and
            Zhifeng~Chen and
            Craig~Citro and
            Greg~S.~Corrado and
            Andy~Davis and
            Jeffrey~Dean and
            Matthieu~Devin and
            Sanjay~Ghemawat and
            Ian~Goodfellow and
            Andrew~Harp and
            Geoffrey~Irving and
            Michael~Isard and
            Yangqing Jia and
            Rafal~Jozefowicz and
            Lukasz~Kaiser and
            Manjunath~Kudlur and
            Josh~Levenberg and
            Dan~Man\'{e} and
            Rajat~Monga and
            Sherry~Moore and
            Derek~Murray and
            Chris~Olah and
            Mike~Schuster and
            Jonathon~Shlens and
            Benoit~Steiner and
            Ilya~Sutskever and
            Kunal~Talwar and
            Paul~Tucker and
            Vincent~Vanhoucke and
            Vijay~Vasudevan and
            Fernanda~Vi\'{e}gas and
            Oriol~Vinyals and
            Pete~Warden and
            Martin~Wattenberg and
            Martin~Wicke and
            Yuan~Yu and
            Xiaoqiang~Zheng},
    year={2015},
}

@article{kingma2014adam,
    title={Adam: A method for stochastic optimization},
    author={Kingma, Diederik and Ba, Jimmy},
    journal={arXiv preprint arXiv:1412.6980},
    year={2014}
}

@misc{ferenc-dilated,
    author = {Husz√°r, Ferenc},
    title = {Dilated Convolutions and Kronecker Factored Convolutions},
    type = {Blog},
    number = {May 12th},
    year = {2016},
    howpublished = {\url{http://www.inference.vc/dilated-convolutions-and-kronecker-factorisation/}}
}
